@ARTICLE{Bartelli.Motta.2016,
   author = {Bertelli Motta, C. and Clark, P.~C. and Glover, S.~C.~O. and 
	Klessen, R.~S. and Pasquali, A.},
    title = "{The IMF as a function of supersonic turbulence}",
  journal = {\mnras},
archivePrefix = "arXiv",
   eprint = {1608.01306},
 keywords = {turbulence, stars: formation, stars: luminosity function, mass function},
     year = 2016,
    month = nov,
   volume = 462,
    pages = {4171-4182},
      doi = {10.1093/mnras/stw1921},
   adsurl = {http://ukads.nottingham.ac.uk/abs/2016MNRAS.462.4171B},
  adsnote = {Provided by the SAO/NASA Astrophysics Data System}
}

@ARTICLE{1997ApJ...482..796N,
   author = {{Nelson}, R.~P. and {Langer}, W.~D.},
    title = "{The Dynamics of Low-Mass Molecular Clouds in External Radiation Fields}",
  journal = {\apj},
 keywords = {Hydrodynamics, ISM: Clouds, ISM: Globules, Molecular Processes, Radiative Transfer},
     year = 1997,
    month = jun,
   volume = 482,
    pages = {796-826},
      doi = {10.1086/304167},
   adsurl = {http://ukads.nottingham.ac.uk/abs/1997ApJ...482..796N},
  adsnote = {Provided by the SAO/NASA Astrophysics Data System}
}

@ARTICLE{1999ApJ...524..923N,
   author = {{Nelson}, R.~P. and {Langer}, W.~D.},
    title = "{On the Stability and Evolution of Isolated BOK Globules}",
  journal = {\apj},
 keywords = {HYDRODYNAMICS, ISM: CLOUDS, ISM: KINEMATICS AND DYNAMICS, ISM: MOLECULES, Hydrodynamics, ISM: Clouds, ISM: Kinematics and Dynamics, ISM: Molecules},
     year = 1999,
    month = oct,
   volume = 524,
    pages = {923-946},
      doi = {10.1086/307823},
   adsurl = {http://ukads.nottingham.ac.uk/abs/1999ApJ...524..923N},
  adsnote = {Provided by the SAO/NASA Astrophysics Data System}
}


@ARTICLE{2005MNRAS.364.1105S,
   author = {{Springel}, V.},
    title = "{The cosmological simulation code GADGET-2}",
  journal = {\mnras},
   eprint = {astro-ph/0505010},
 keywords = {methods: numerical, galaxies: interactions, dark matter},
     year = 2005,
    month = dec,
   volume = 364,
    pages = {1105-1134},
      doi = {10.1111/j.1365-2966.2005.09655.x},
   adsurl = {http://adsabs.harvard.edu/abs/2005MNRAS.364.1105S},
  adsnote = {Provided by the SAO/NASA Astrophysics Data System}
}

@ARTICLE{2010MNRAS.401..791S,
   author = {{Springel}, V.},
    title = "{E pur si muove: Galilean-invariant cosmological hydrodynamical simulations on a moving mesh}",
  journal = {\mnras},
archivePrefix = "arXiv",
   eprint = {0901.4107},
 keywords = {methods: numerical, galaxies: interactions, cosmology: dark matter},
     year = 2010,
    month = jan,
   volume = 401,
    pages = {791-851},
      doi = {10.1111/j.1365-2966.2009.15715.x},
   adsurl = {http://ukads.nottingham.ac.uk/abs/2010MNRAS.401..791S},
  adsnote = {Provided by the SAO/NASA Astrophysics Data System}
}


@ARTICLE{2010A&A...518L.102A,
   author = {{Andr{\'e}}, P. and {Men'shchikov}, A. and {Bontemps}, S. and 
	{K{\"o}nyves}, V. and {Motte}, F. and {Schneider}, N. and {Didelon}, P. and 
	{Minier}, V. and {Saraceno}, P. and {Ward-Thompson}, D. and 
	{di Francesco}, J. and {White}, G. and {Molinari}, S. and {Testi}, L. and 
	{Abergel}, A. and {Griffin}, M. and {Henning}, T. and {Royer}, P. and 
	{Mer{\'{\i}}n}, B. and {Vavrek}, R. and {Attard}, M. and {Arzoumanian}, D. and 
	{Wilson}, C.~D. and {Ade}, P. and {Aussel}, H. and {Baluteau}, J.-P. and 
	{Benedettini}, M. and {Bernard}, J.-P. and {Blommaert}, J.~A.~D.~L. and 
	{Cambr{\'e}sy}, L. and {Cox}, P. and {di Giorgio}, A. and {Hargrave}, P. and 
	{Hennemann}, M. and {Huang}, M. and {Kirk}, J. and {Krause}, O. and 
	{Launhardt}, R. and {Leeks}, S. and {Le Pennec}, J. and {Li}, J.~Z. and 
	{Martin}, P.~G. and {Maury}, A. and {Olofsson}, G. and {Omont}, A. and 
	{Peretto}, N. and {Pezzuto}, S. and {Prusti}, T. and {Roussel}, H. and 
	{Russeil}, D. and {Sauvage}, M. and {Sibthorpe}, B. and {Sicilia-Aguilar}, A. and 
	{Spinoglio}, L. and {Waelkens}, C. and {Woodcraft}, A. and {Zavagno}, A.
	},
    title = "{From filamentary clouds to prestellar cores to the stellar IMF: Initial highlights from the Herschel Gould Belt Survey}",
  journal = {\aap},
archivePrefix = "arXiv",
   eprint = {1005.2618},
 keywords = {stars: formation, circumstellar matter, ISM: clouds, ISM: structure, submillimeter: ISM},
     year = 2010,
    month = jul,
   volume = 518,
      eid = {L102},
    pages = {L102},
      doi = {10.1051/0004-6361/201014666},
   adsurl = {http://ukads.nottingham.ac.uk/abs/2010A%26A...518L.102A},
  adsnote = {Provided by the SAO/NASA Astrophysics Data System}
}

@ARTICLE{2012MNRAS.424.2599C,
   author = {{Clark}, P.~C. and {Glover}, S.~C.~O. and {Klessen}, R.~S. and 
	{Bonnell}, I.~A.},
    title = "{How long does it take to form a molecular cloud?}",
  journal = {\mnras},
archivePrefix = "arXiv",
   eprint = {1204.5570},
 keywords = {stars: formation, ISM: clouds, ISM: molecules, galaxies: ISM },
     year = 2012,
    month = aug,
   volume = 424,
    pages = {2599-2613},
      doi = {10.1111/j.1365-2966.2012.21259.x},
   adsurl = {http://ukads.nottingham.ac.uk/abs/2012MNRAS.424.2599C},
  adsnote = {Provided by the SAO/NASA Astrophysics Data System}
}

